@ONLINE{TerasicDE1specs,
author = "Terasic Technologies",
title = "DE1-SoC Board, Specification",
url = "http://www.terasic.com.tw/cgi-bin/page/archive.pl?Language=English&CategoryNo=165&No=836&PartNo=2"
}
@manual{DE1Manuel,
title = "DE1-SoC User Manuel",
author = "Terasic Technologies",
organization = "Terasic Technologies",
edition	= "V1.0",
year = "2014",
month = "March"
}
@ONLINE{PiSpecs,
author = "Raspberry Pi Foundation",
title = "Raspberry Pi Models and Revisions, The Model B",
url = "http://www.raspberrypi.org/documentation/hardware/raspberrypi/models/README.md#modelb"
}
@ONLINE{PiDoc,
author = "Raspberry Pi Foundation",
title = "Raspbian",
url = "http://www.raspberrypi.org/documentation/raspbian/README.md"
}
